Contributing to Eclipse Platform UI project
===========================================

Thanks for your interest in this project.

Project description:
--------------------

Platform UI provides the basic building blocks for user interfaces built with Eclipse. 

Some of these form the Eclipse Rich Client Platform (RCP) and can be used for arbitrary rich client applications, while others are specific to the Eclipse IDE. The Platform UI codebase is built on top of the Eclipse Standard Widget Toolkit (SWT), which is developed as an independent project.

Website: <https://www.eclipse.org/platform/ui/>

- <https://projects.eclipse.org/projects/eclipse.platform>

For more information, refer to the [Platform UI wiki page][1].

How to contribute:
--------------------
Contributions to Platform UI are most welcome. There are many ways to contribute,
from entering high quality bug reports, to contributing code or documentation changes.
For a complete guide, see the [Platform UI - How to contribute wiki page][2] page on the team wiki.

Test dependencies
-----------------

Several test plug-ins have a dependency to the Mockito and Hamcrest libraries.
Please install them from the [Orbit Download page][3]:

Currently the following plug-ins are required:
- net.bytebuddy.byte-buddy
- net.bytebuddy.byte-buddy-agent
- org.hamcrest.core
- org.mockito
- org.objenesis

How to build on the command line
--------------------------------

You need Maven 3.3.1 installed. After this you can run the build via the following command:

mvn clean verify -Pbuild-individual-bundles


Developer resources:
--------------------

Information regarding source code management, builds, coding standards, and more.

- <https://projects.eclipse.org/projects/eclipse.platform/developer>

Contributor License Agreement:
------------------------------

Before your contribution can be accepted by the project, you need to create and electronically sign the Eclipse Foundation Contributor License Agreement (CLA).

- <https://www.eclipse.org/legal/CLA.php>


Search for bugs:
----------------

This project uses Bugzilla to track ongoing development and issues.

- <https://bugs.eclipse.org/bugs/buglist.cgi?bug_status=UNCONFIRMED&bug_status=NEW&bug_status=ASSIGNED&bug_status=REOPENED&classification=Eclipse%20Project&component=UI&list_id=12049886&product=Platform&query_format=advanced>

Create a new bug:
-----------------

Be sure to search for existing bugs before you create another one. Remember that contributions are always welcome!

- <https://bugs.eclipse.org/bugs/enter_bug.cgi?product=platform;component=UI>

Contact:
--------

Contact the project developers via the project's "dev" list.

- <https://accounts.eclipse.org/mailing-list/platform-dev>


License
-------

[Eclipse Public License (EPL) 2.0][4]

[1]: https://wiki.eclipse.org/Platform_UI
[2]: https://wiki.eclipse.org/Platform_UI/How_to_Contribute
[3]: https://download.eclipse.org/tools/orbit/downloads/
[4]: https://www.eclipse.org/legal/epl-2.0/

-' 7711	Department of the Treasury	Calendar Year							Period Ending	9/29/2021																	
	Internal Revenue Service	Due 04/18/2022		2022 Form 1040-ES Payment Voucher 1					Pay Day	1/30/2022																	
	MOUNTAIN VIEW, C.A., 94043																										
	Taxable Marital Status  :																										
	Exemptions/Allowances :																										
	Federal :																										
	TX :  28	rate	units	this period	year to date	Other Benefits and 			ZACHRY T																		
	Current assets:				0	Information			WOOD																		
	Cash and cash equivalents	26465	18498		0	Total Work Hrs																					
	Marketable securities	110229	101177		0	Important Notes			DALLAS																		
	Total cash, cash equivalents, and marketable securities	136694	119675		0	COMPANY PH/Y: 650-253-0000						0															
	Accounts receivable, net	30930	25326		0	BASIS OF PAY : BASIC/DILUTED  EPS																					
	Income taxes receivable, net	454	2166		0																						
	Inventory	728	999		0				Pto Balance																		
	Other current assets	5490	4412		0																						
	Total current assets	174296	152578		0																						
	Non-marketable investments	20703	13078		0	70842743866																					
	Deferred income taxes	1084	721		0																						
	Property and equipment, net	84749	73646		0	$70,842,743,866.00 																					
	Operating lease assets	12211	10941		0																						
	Intangible assets, net	1445	1979		0																						
	Goodwill	21175	20624		0			Advice date :	650001																		
	Other non-current assets	3953	2342		0			Pay date :	4/18/2022																		
	PLEASE READ THE IMPORTANT DISCLOSURES BELOW.	319616	275909		0			:xxxxxxxxx6547	JAn 29th., 2022																		
	Paid to the account Of :				0				519																		
	Accounts payable	5589	5561		0				NON-NEGOTIABLE																		
	Accrued compensation and benefits	11086	8495		0																						
	Accrued expenses and other current liabilities	28631	23067		0																						
	Accrued revenue share	7500	5916		0																						
	Deferred revenue	2543	1908		0																						
	Income taxes payable, net	1485	274		0																						
	Total current liabilities	56834	45221		0																						
	Long-term debt	13932	4554		0																						
	Deferred revenue, non-current	481	358		0																						
	Income taxes payable, non-current	8849	9885		0																						
	Deferred income taxes	3561	1701		0																						
		11146	10214		0																						
	Other long-term liabilities	2269	2534		0																						
	Total liabilities	97072	74467		0																						
	Commitments and Contingencies (Note 10)	 	 		0																						
	Stockholders’ equity:				0																						
	Convertible preferred stock, $0.001 par value per share, 100,000 shares authorized; no shares issued and outstanding	0	0		0																						
	Class A and Class B common stock, and Class C capital stock and additional paid-in capital, $0.001 par value per share: 15,000,000 shares authorized (Class A 9,000,000, Class B 3,000,000, Class C 3,000,000); 688,335 (Class A 299,828, Class B 46,441, Class C 342,066) and 675,222 (Class A 300,730, Class B 45,843, Class C 328,649) shares issued and outstanding	58510	50552		0																						
	Accumulated other comprehensive income (loss)	633	-1232		0																						
	Retained earnings	163401	152122		0																						
	Total stockholders’ equity	222544	201442		0																						
	Total liabilities and stockholders’ equity	319616	275909		0																						
	Convertible preferred stock, par value (in dollars per share)	0.001	0.001		0																						
	Convertible preferred stock, shares authorized (in shares)	100000000	100000000		0																						
	Convertible preferred stock, shares issued (in shares)	0	0		0																						
	Convertible preferred stock, shares outstanding (in shares)	0	0		0																						
	Schedule II: Valuation and Qualifying Accounts (Details) - Allowance for doubtful accounts and sales credits - USD ($) $ in Millions	12 Months Ended			0																						
		Dec. 31, 2020	Dec. 31, 2019	Dec. 31, 2018	0																						
	SEC Schedule, 12-09, Movement in Valuation Allowances and Reserves [Roll Forward]				0																						
	Revenues (Narrative) (Details) - USD ($) $ in Billions	12 Months Ended			0																						
		Dec. 31, 2020	Dec. 31, 2019		0																						
	Revenue from Contract with Customer [Abstract]				0																						
	Deferred revenue		2.3		0																						
	Revenues recognized	1.8			0																						
	Transaction price allocated to remaining performance obligations	29.8			0																						
	Revenue, Remaining Performance Obligation, Expected Timing of Satisfaction, Start Date [Axis]: 2021-01-01				0																						
	Revenue, Remaining Performance Obligation, Expected Timing of Satisfaction [Line Items]				0																						
	Expected timing of revenue recognition	24 months			0																						
	Expected timing of revenue recognition, percent	0.5			0																						
	Revenue, Remaining Performance Obligation, Expected Timing of Satisfaction, Start Date [Axis]: 2023-01-01				0																						
	Revenue, Remaining Performance Obligation, Expected Timing of Satisfaction [Line Items]				0																						
	Expected timing of revenue recognition	 			0																						
	Expected timing of revenue recognition, percent	0.5			0																						
	Information about Segments and Geographic Areas (Long-Lived Assets by Geographic Area) (Details) - USD ($) $ in Millions	Dec. 31, 2020	Dec. 31, 2019		0																						
	Revenues from External Customers and Long-Lived Assets [Line Items]				0																						
	Long-lived assets	96960	84587		0																						
	United States				0																						
	Revenues from External Customers and Long-Lived Assets [Line Items]				0																						
	Long-lived assets	69315	63102		0																						
	International				0																						
	Revenues from External Customers and Long-Lived Assets [Line Items]				0																						
	Long-lived assets	27645	21485		0																						
		2016	2017	2018	2019	2020	2021	TTM																			
		2.23418E+11	2.42061E+11	2.25382E+11	3.27223E+11	2.86256E+11	3.54636E+11	3.54636E+11																			
		45881000000	60597000000	57418000000	61078000000	63401000000	69478000000	69478000000																			
		3143000000	3770000000	4415000000	4743000000	5474000000	6052000000	6052000000																			
	    Net Investment Income, Revenue	9531000000	13081000000	10565000000	17214000000	14484000000	8664000000	-14777000000	81847000000	48838000000	86007000000	86007000000															
	        Realized Gain/Loss on Investments, Revenue	472000000	184000000	72000000	10000000	7553000000	1410000000	-22155000000	71123000000	40905000000	77576000000	77576000000															
	        Gains/Loss on Derivatives, Revenue	1963000000	2608000000	506000000	974000000	751000000	718000000	-300000000	1484000000	-159000000	966000000	966000000															
	        Interest Income, Revenue	6106000000	6408000000	6484000000	6867000000	6180000000	6536000000	7678000000	9240000000	8092000000	7465000000	7465000000															
	        Other Investment Income, Revenue	990000000	3881000000	3503000000	9363000000																						
	    Rental Income, Revenue					2553000000	2452000000	5732000000	5856000000	5209000000	5988000000	5988000000															
	    Other Revenue	1.18387E+11	1.32385E+11	1.42881E+11	1.52435E+11	1.57357E+11	1.66578E+11	1.72594E+11	1.73699E+11	1.63334E+11	1.87111E+11	1.87111E+11															
	Total Expenses	-1.40227E+11	-1.53354E+11	-1.66594E+11	-1.75997E+11	-1.89751E+11	-2.18223E+11	-2.21381E+11	-2.24527E+11	-2.30563E+11	-2.4295E+11	-2.4295E+11															
	    Benefits,Claims and Loss Adjustment Expense, Net	-25227000000	-26347000000	-31587000000	-31940000000	-36037000000	-54509000000	-45605000000	-49442000000	-49763000000	-55971000000	-55971000000															
	        Policyholder Future Benefits and Claims, Net	-25227000000	-26347000000	-31587000000	-31940000000	-36037000000	-54509000000	-45605000000	-49442000000	-49763000000	-55971000000	-55971000000															
	    Other Underwriting Expenses	-7693000000	-7248000000	-6998000000	-7517000000	-7713000000	-9321000000	-9793000000	-11200000000	-12798000000	-12569000000	-12569000000															
	    Selling, General and Administrative Expenses	-11870000000	-13282000000	-13721000000	-15309000000	-19308000000	-20644000000	-21917000000	-23229000000	-23329000000	-23044000000	-23044000000															
	        Rent Expense					-1335000000	-1455000000	-4061000000	-4003000000	-3520000000	-4201000000	-4201000000															
	        Selling and Marketing Expenses	-11870000000	-13282000000	-13721000000	-15309000000	-17973000000	-19189000000	-17856000000	-19226000000	-19809000000	-18843000000	-18843000000															
	    Other Income/Expenses	-92693000000	-1.03676E+11	-1.11009E+11	-1.17594E+11	-1.24061E+11	-1.32377E+11	-1.37664E+11	-1.37775E+11	-1.30645E+11	-1.48189E+11	-1.48189E+11															
	    Total Net Finance Income/Expense	-2744000000	-2801000000	-3253000000	-3515000000	-3741000000	-4386000000	-3853000000	-3961000000	-4083000000	-4172000000	-4172000000															
	        Net Interest Income/Expense	-2744000000	-2801000000	-3253000000	-3515000000	-3741000000	-4386000000	-3853000000	-3961000000	-4083000000	-4172000000	-4172000000															
	            Interest Expense Net of Capitalized Interest	-2744000000	-2801000000	-3253000000	-3515000000	-3741000000	-4386000000	-3853000000	-3961000000	-4083000000	-4172000000	-4172000000															
	    Income from Associates, Joint Ventures and Other Participating Interests			-26000000	-122000000	1109000000	3014000000	-2167000000	1176000000	726000000	995000000	995000000															
	    Irregular Income/Expenses							-382000000	-96000000	-10671000000	.	.															
	        Impairment/Write Off/Write Down of Capital Assets							-382000000	-96000000	-10671000000	.	.															
	Pretax Income	22236000000	28796000000	28105000000	34946000000	33667000000	23838000000	4001000000	1.02696E+11	55693000000	1.11686E+11	1.11686E+11															
	Provision for Income Tax	-6924000000	-8951000000	-7935000000	-10532000000	-9240000000	21515000000	321000000	-20904000000	-12440000000	-20879000000	-20879000000															
	Net Income from Continuing Operations	15312000000	19845000000	20170000000	24414000000	24427000000	45353000000	4322000000	81792000000	43253000000	90807000000	90807000000															
	Net Income after Extraordinary Items and Discontinued Operations	15312000000	19845000000	20170000000	24414000000	24427000000	45353000000	4322000000	81792000000	43253000000	90807000000	90807000000															
	Non-Controlling/Minority Interests	-488000000	-369000000	-298000000	-331000000	-353000000	-413000000	-301000000	-375000000	-732000000	-1012000000	-1012000000															
	Net Income after Non-Controlling/Minority Interests	14824000000	19476000000	19872000000	24083000000	24074000000	44940000000	4021000000	81417000000	42521000000	89795000000	89795000000															
	Net Income Available to Common Stockholders	14824000000	19476000000	19872000000	24083000000	24074000000	44940000000	4021000000	81417000000	42521000000	89795000000	89795000000															
	Diluted Net Income Available to Common Stockholders	14824000000	19476000000	19872000000	24083000000	24074000000	44940000000	4021000000	81417000000	42521000000	89795000000	89795000000															
	Income Statement Supplemental Section																										
	    Reported Normalized and Operating Income/Expense Supplemental Section																										
	        Total Revenue as Reported, Supplemental	1.62463E+11	1.8215E+11	1.94699E+11	2.10943E+11	2.15114E+11	2.39933E+11	2.47837E+11	2.54616E+11	2.4551E+11	2.76094E+11	2.76094E+11															
	        Reported Effective Tax Rate				0.16	0.14	0.07	-0.08	0.2	0.22	0.19	0.19															
	Basic EPS	8977	11850	12092	14656	14645	27326	2446	49828	26668	59460	59460															
	    Basic EPS from Continuing Operations	8977	11850	12092	14656	14645	27326	2446	49828	26668	59460	59460															
	Diluted EPS	8975.82	11849.51	12086.01	14656	14645	27325.54	2444.36	49649.93	26200.81	58563.84	58563.84															
	    Diluted EPS from Continuing Operations	8975.82	11849.51	12086.01	14656	14645	27325.54	2444.36	49649.93	26200.81	58563.84	58563.84															
	Basic Weighted Average Shares Outstanding	1651294	1643613	1643456	1643183	1643826	1644615	1643795	1633946	1594469	1510180	1510180															
	Diluted Weighted Average Shares Outstanding	1651549	1643613	1644215	1643183	1643826	1644615	1645008	1639821	1622889	1533284	1533284															
	Basic EPS	5.98	7.9	8.06	9.77	9.76	18.22	1.63	33.22	17.78	39.64	39.64															
	Diluted EPS	5.98	7.9	8.06	9.77	9.76	18.22	1.63	33.22	17.78	39.64	39.64															
	Basic WASO	2476939762	2465418267	2465182767	2464773268	2465737767	2466921267	2465691267	2450917775	2391702304	2265268867	2265268867															
	Diluted WASO	2476939762	2465418267	2465182767	2464773268	2465737767	2466921267	2465691267	2450917775	2391702304	2265268867	2265268867															
	Fiscal year ends in Dec 31 | USD 																										
											total																
	GOOGL_income-statement_Quarterly_As_Originally_Reported	Q3 2019	Q4 2019	Q1 2020	Q2 2020	Q3 2020	Q4 2020	Q1 2021	Q2 2021	Q3 2021	Q4 2021	TTM															
	Gross Profit	22931000000	25055000000	22177000000	19744000000	25056000000	30818000000	31211000000	35653000000	37497000000	42337000000	1.46698E+11															
	    Total Revenue	40499000000	46075000000	41159000000	38297000000	46173000000	56898000000	55314000000	61880000000	65118000000	75325000000	2.57637E+11															
	        Business Revenue	34071000000	64133000000	41159000000	38297000000	46173000000	56898000000	55314000000	61880000000	65118000000	75325000000	2.57637E+11															
	        Other Revenue	6428000000																									
	    Cost of Revenue	-17568000000	-21020000000	-18982000000	-18553000000	-21117000000	-26080000000	-24103000000	-26227000000	-27621000000	-32988000000	-1.10939E+11															
	        Cost of Goods and Services			-18982000000								-1.10939E+11															
	Operating Income/Expenses	-13754000000	-15789000000	-14200000000	-13361000000	-13843000000	-15167000000	-14774000000	-16292000000	-16466000000	-20452000000	-67984000000															
	    Selling, General and Administrative Expenses	-7200000000	-8567000000	-7380000000	-6486000000	-6987000000	-8145000000	-7289000000	-8617000000	-8772000000	-11744000000	-36422000000															
	        General and Administrative Expenses	-2591000000	-2829000000	-2880000000	-2585000000	-2756000000	-2831000000	-2773000000	-3341000000	-3256000000	-4140000000	-13510000000															
	        Selling and Marketing Expenses	-4609000000	-5738000000	-4500000000	-3901000000	-4231000000	-5314000000	-4516000000	-5276000000	-5516000000	-7604000000	-22912000000															
	    Research and Development Expenses	-6554000000	-7222000000	-6820000000	-6875000000	-6856000000	-7022000000	-7485000000	-7675000000	-7694000000	-8708000000	-31562000000															
	Total Operating Profit/Loss	9177000000	9266000000	7977000000	6383000000	11213000000	15651000000	16437000000	19361000000	21031000000	21885000000	78714000000															
	Non-Operating Income/Expenses, Total	-549000000	1438000000	-220000000	1894000000	2146000000	3038000000	4846000000	2624000000	2033000000	2517000000	12020000000															
	    Total Net Finance Income/Expense	608000000	604000000	565000000	420000000	412000000	333000000	269000000	313000000	310000000	261000000	1153000000															
	        Net Interest Income/Expense	608000000	604000000	565000000	420000000	412000000	333000000	269000000	313000000	310000000	261000000	1153000000															
	            Interest Expense Net of Capitalized Interest	-23000000	-17000000	-21000000	-13000000	-48000000	-53000000	-76000000	-76000000	-77000000	-117000000	-346000000															
	            Interest Income	631000000	621000000	586000000	433000000	460000000	386000000	345000000	389000000	387000000	378000000	1499000000															
	    Net Investment Income	-1452000000	899000000	-809000000	1696000000	1957000000	3530000000	4869000000	2924000000	2207000000	2364000000	12364000000															
	        Gain/Loss on Investments and Other Financial Instruments	-1479000000	399000000	-802000000	1842000000	2015000000	3262000000	4751000000	2883000000	2158000000	2478000000	12270000000															
	        Income from Associates, Joint Ventures and Other Participating Interests	-14000000	460000000	74000000	-54000000	26000000	355000000	5000000	92000000	188000000	49000000	334000000															
	        Gain/Loss on Foreign Exchange	41000000	40000000	-81000000	-92000000	-84000000	-87000000	113000000	-51000000	-139000000	-163000000	-240000000															
	    Irregular Income/Expenses	0	0	0	0	0	0				0	0															
	        Other Irregular Income/Expenses	0	0	0	0	0	0				0	0															
	    Other Income/Expense, Non-Operating	295000000	-65000000	24000000	-222000000	-223000000	-825000000	-292000000	-613000000	-484000000	-108000000	-1497000000															
	Pretax Income	8628000000	10704000000	7757000000	8277000000	13359000000	18689000000	21283000000	21985000000	23064000000	24402000000	90734000000															
	Provision for Income Tax	-1560000000	-33000000	-921000000	-1318000000	-2112000000	-3462000000	-3353000000	-3460000000	-4128000000	-3760000000	-14701000000															
	Net Income from Continuing Operations	7068000000	10671000000	6836000000	6959000000	11247000000	15227000000	17930000000	18525000000	18936000000	20642000000	76033000000															
	Net Income after Extraordinary Items and Discontinued Operations	7068000000	10671000000	6836000000	6959000000	11247000000	15227000000	17930000000	18525000000	18936000000	20642000000	76033000000															
	Net Income after Non-Controlling/Minority Interests	7068000000	10671000000	6836000000	6959000000	11247000000	15227000000	17930000000	18525000000	18936000000	20642000000	76033000000															
	Net Income Available to Common Stockholders	7068000000	10671000000	6836000000	6959000000	11247000000	15227000000	17930000000	18525000000	18936000000	20642000000	76033000000															
	Diluted Net Income Available to Common Stockholders	7068000000	10671000000	6836000000	6959000000	11247000000	15227000000	17930000000	18525000000	18936000000	20642000000	76033000000															
	Income Statement Supplemental Section																										
	    Reported Normalized and Operating Income/Expense Supplemental Section																										
	        Total Revenue as Reported, Supplemental	40499000000	46075000000	41159000000	38297000000	46173000000	56898000000	55314000000	61880000000	65118000000	75325000000	2.57637E+11															
	        Total Operating Profit/Loss as Reported, Supplemental	9177000000	9266000000	7977000000	6383000000	11213000000	15651000000	16437000000	19361000000	21031000000	21885000000	78714000000															
	        Reported Effective Tax Rate	0.181		0	0.159	0.158		0.158	0.157	0.179		0.162															
	        Reported Normalized Income			6836000000																							
	        Reported Normalized Operating Profit			7977000000																							
	Other Adjustments to Net Income Available to Common Stockholders																										
	Discontinued Operations																										
	Basic EPS	10.2	15.49	9.96	10.21	16.55	22.54	26.63	27.69	28.44	31.15	113.88															
	    Basic EPS from Continuing Operations	10.2	15.47	9.96	10.21	16.55	22.46	26.63	27.69	28.44	31.12	113.88															
	    Basic EPS from Discontinued Operations																										
	Diluted EPS	10.12	15.35	9.87	10.13	16.4	22.3	26.29	27.26	27.99	30.69	112.2															
	    Diluted EPS from Continuing Operations	10	15	10	10	16	22	26	27	28	31	112															
	    Diluted EPS from Discontinued Operations																										
	Basic Weighted Average Shares Outstanding	692741000	688804000	686465000	681768000	679449000	675581000	673220000	668958000	665758000	662664000	667650000															
	Diluted Weighted Average Shares Outstanding	698199000	695193000	692267000	687024000	685851000	682969000	682071000	679612000	676519000	672493000	677674000															
	Reported Normalized Diluted EPS			9.87																							
	Basic EPS	10	15	10	10	17	23	27	28	28	31	114															
	Diluted EPS	10	15	10	10	16	22	26	27	28	31	112															
	Basic WASO	692741000	688804000	686465000	681768000	679449000	675581000	673220000	668958000	665758000	662664000	667650000															
	Diluted WASO	698199000	695193000	692267000	687024000	685851000	682969000	682071000	679612000	676519000	672493000	677674000															
	Fiscal year ends in Dec 31 | USD											 x           $2605.00															
	Price Par Share											______________________															
		Note: All watermarks and background images will be removed from your final document																									
											CHECK AMOUNT	****$70,842,745,000.00**															



			16619000000	18659000000	23024000000	26572000000	36036000000	37091000000	47971000000	54520000000																	
			16619000000	18659000000	23024000000	26572000000	36036000000	37091000000	47971000000	54520000000																	
			16619000000	18659000000	23024000000	26572000000	36036000000	37091000000	47971000000	54520000000																	
	Gross Deductions		10737000000	12733000000	14136000000	16348000000	19478000000	12662000000	30736000000	34343000000																	
			4984000000	5770000000	8216000000	10633000000	13258000000	15183000000	12327000000	19358000000																	
	Check No		2962000000	3939000000	4979000000	5063000000	6144000000	6915000000	9035000000	11781000000																	
			2962000000	3939000000	4979000000	5063000000	6144000000	6915000000	9035000000	11781000000																	
	20220418		1988000000	2781000000	3523000000	4132000000	5267000000	6103000000	8164000000	10856000000	12905000000	11555000000															
			974000000	1158000000	1456000000	931000000	877000000	812000000	871000000	925000000	792000000	886000000															
	Net Pay		2692000000	3343000000	4279000000	5203000000	6703000000	7679000000	9353000000	10794000000	12991000000	15376000000															
			-266000000	-437000000	-104000000	-179000000	-38000000	258000000	778000000	173000000	1390000000	1808000000															
			0	-166000000	-390000000	334000000	73000000	37000000	-6650000000	-2798000000	-6317000000	-12270000000															
			0	-166000000	-390000000	334000000	73000000	37000000	-6650000000	-2798000000	-6317000000	-12270000000															
	YTD Net Pay		-28000000	272000000	192000000	212000000	376000000	294000000	-189000000	-592000000	1267000000	-213000000															
			-188000000	-700000000	-740000000																						
			-188000000	-700000000	-740000000																						
			-188000000	-700000000	-740000000																						
			-188000000	-481000000																							
			898000000	156000000	672000000	-409000000	3300000000	9246000000	4908000000	819000000	1827000000	-1523000000															
			-787000000	-1307000000	-1641000000	-2094000000	-2578000000	-3768000000	-2169000000	-4340000000	-6524000000	-9095000000															
			-787000000	-1307000000	-1641000000	-2094000000	-2578000000	-3768000000	-2169000000	-4340000000	-6524000000	-9095000000															
						-318000000	312000000	-2164000000	-1207000000	-621000000	-1330000000	-1846000000															
			562000000	1572000000	1438000000	2139000000	2218000000	6577000000	10164000000	8871000000	7837000000	9269000000															
			-499000000	605000000	436000000	203000000	110000000	731000000	1067000000	428000000	694000000	283000000															
			-499000000	605000000	436000000	203000000	110000000	#SPILL!	1067000000	428000000	694000000	283000000															
	1 2		1061000000	967000000	1002000000	1936000000	2108000000	5846000000	9097000000	8443000000	7143000000	8986000000															
			163000000	233000000	-175000000	43000000	223000000	390000000	371000000	37000000	635000000	774000000															
			1492000000	588000000	591000000	-179000000	3125000000	8211000000	-2251000000	-3128000000	1209000000	-625000000															
			-532000000	-930000000	459000000																						
	B		-13056000000	-13679000000	-21055000000	-23711000000	-31165000000	-31401000000	-28504000000	-29491000000	-32773000000	-35523000000															
			-13056000000	-13679000000	-21055000000	-23711000000	-31165000000	-31401000000	-28504000000	-29491000000	-32773000000	-35523000000															
	100% Security Guaranteed		-3273000000	-7358000000	-10959000000	-9915000000	-9972000000	-13184000000	-25139000000	-23548000000	-22281000000	-24640000000															
	Purchase of Property, Plant and Equipment		-3273000000	-7358000000	-11014000000	-9950000000	-10212000000	-13184000000	-25139000000	-23548000000	-22281000000	-24640000000															
	Sale and Disposal of Property, Plant and Equipment				55000000	35000000	240000000																				
	Purchase/Sale of Business, Net		-10568000000	1077000000	-4502000000	-236000000	-986000000	-287000000	-1491000000	-2515000000	-738000000	-2618000000															
	Purchase/Acquisition of Business		-10568000000	-1448000000	-4888000000	-236000000	-986000000	-287000000	-1491000000	-2515000000	-738000000	-2618000000															
	Sale of Business		0	2525000000	386000000																						
	Purchase/Sale of Investments, Net		1119000000	-7099000000	-6997000000	-13210000000	-17779000000	-19448000000	-1972000000	-4017000000	-9822000000	-8806000000															
	Purchase of Investments		-34106000000	-46013000000	-58525000000	-76269000000	-85168000000	-93940000000	-52231000000	-1.02247E+11	-1.43751E+11	-1.38034E+11															
	Sale of Investments		35225000000	38914000000	51528000000	63059000000	67389000000	74492000000	50259000000	98230000000	1.33929E+11	1.29228E+11															
	Other Investing Cash Flow		-334000000	-299000000	1403000000	-350000000	-2428000000	99000000	98000000	589000000	68000000	541000000															
	Purchase/Sale of Other Non-Current Assets, Net					0	0	1419000000																			
	Sales of Other Non-Current Assets					0	0	1419000000																			
	Cash Flow from Financing Activities		1229000000	-857000000	-2087000000	-4225000000	-8332000000	-8298000000	-13179000000	-23209000000	-24408000000	-61362000000															
	Cash Flow from Continuing Financing Activities		1229000000	-857000000	-2087000000	-4225000000	-8332000000	-8298000000	-13179000000	-23209000000	-24408000000	-61362000000															
	Issuance of/Payments for Common Stock, Net			0	0	-1780000000	-3693000000	-4846000000	-9075000000	-18396000000	-31149000000	-50274000000															
	Payments for Common Stock			0	0	-1780000000	-3693000000	-4846000000	-9075000000	-18396000000	-31149000000	-50274000000															
	Proceeds from Issuance of Common Stock					0	0																				
	Issuance of/Repayments for Debt, Net		1328000000	-557000000	-18000000	-23000000	-1335000000	-86000000	-61000000	-268000000	9661000000	-1236000000															
	Issuance of/Repayments for Long Term Debt, Net		1328000000	-557000000	-18000000	-23000000	-1335000000	-86000000	-61000000	-268000000	9661000000	-1236000000															
	Proceeds from Issuance of Long Term Debt		16109000000	10768000000	11625000000	13705000000	8729000000	4291000000	6766000000	317000000	11761000000	20199000000															
	Repayments for Long Term Debt		-14781000000	-11325000000	-11643000000	-13728000000	-10064000000	-4377000000	-6827000000	-585000000	-2100000000	-21435000000															
	Proceeds from Issuance/Exercising of Stock Options/Warrants		-287000000	-781000000	-2069000000	-2375000000	-3304000000	-4166000000	-4993000000	-4765000000	-5720000000	-10162000000															
	 Other Financing Cash Flow			0	0	-47000000		800000000	950000000	220000000	2800000000	310000000															
	Excess Tax Benefit from Share-Based Compensation, Financing Activities		188000000	481000000																							
	Cash and Cash Equivalents, End of Period		14778000000	18898000000	18347000000	16549000000	12918000000	10715000000	16701000000	18498000000	26465000000	20945000000															
	Change in Cash		4792000000	4123000000	-118000000	-1364000000	-3461000000	-2608000000	6288000000	1820000000	7943000000	-5233000000															
	Effect of Exchange Rate Changes		3000000	-3000000	-433000000	-434000000	-170000000	405000000	-302000000	-23000000	24000000	-287000000															
	Cash and Cash Equivalents, Beginning of Period		9983000000	14778000000	18898000000	18347000000	16549000000	12918000000	10715000000	16701000000	18498000000	26465000000															
	Cash Flow Supplemental Section																										
	Change in Cash as Reported, Supplemental		4795000000	4120000000	-551000000	-1798000000	-3631000000	-2203000000	5986000000	1797000000	7967000000	-5520000000															
	Income Tax Paid, Supplemental		-2034000000	-1932000000	-3138000000	-3651000000	-1643000000	-6191000000	-5671000000	-8203000000	-4990000000	-13412000000															
	Interest Paid, Supplemental		-74000000	-72000000	-86000000	-96000000	-84000000																				
	Fiscal year ends in Dec 31 | USD																										

	BRK.B_income-statement_Annual_Restated		2012	2013	2014	2015	2016	2017	2018	2019	2020	2021															
	Total Revenue		1.62463E+11	1.8215E+11	1.94699E+11	2.10943E+11	2.23418E+11	2.42061E+11	2.25382E+11	3.27223E+11	2.86256E+11	3.54636E+11															
	Net Premiums Earned		34545000000	36684000000	41253000000	41294000000	45881000000	60597000000	57418000000	61078000000	63401000000	69478000000															
	Fees and Commission Income						3143000000	3770000000	4415000000	4743000000	5474000000	6052000000															
	Net Investment Income, Revenue		9531000000	13081000000	10565000000	17214000000	14484000000	8664000000	-14777000000	81847000000	48838000000	86007000000															
	Realized Gain/Loss on Investments, Revenue		472000000	184000000	72000000	10000000	7553000000	1410000000	-22155000000	71123000000	40905000000	77576000000															
	Gains/Loss on Derivatives, Revenue		1963000000	2608000000	506000000	974000000	751000000	718000000	-300000000	1484000000	-159000000	966000000															
	        Interest Income, Revenue		6106000000	6408000000	6484000000	6867000000	6180000000	6536000000	7678000000	9240000000	8092000000	7465000000															
	        Other Investment Income, Revenue		990000000	3881000000	3503000000	9363000000																					
	    Rental Income, Revenue						2553000000	2452000000	5732000000	5856000000	5209000000	5988000000															
	    Other Revenue		1.18387E+11	1.32385E+11	1.42881E+11	1.52435E+11	1.57357E+11	1.66578E+11	1.72594E+11	1.73699E+11	1.63334E+11	1.87111E+11															
	Total Expenses		-1.40227E+11	-1.53354E+11	-1.66594E+11	-1.75997E+11	-1.89751E+11	-2.18223E+11	-2.21381E+11	-2.24527E+11	-2.30563E+11	-2.4295E+11															
	    Benefits,Claims and Loss Adjustment Expense, Net		-25227000000	-26347000000	-31587000000	-31940000000	-36037000000	-54509000000	-45605000000	-49442000000	-49763000000	-55971000000															
	        Policyholder Future Benefits and Claims, Net		-25227000000	-26347000000	-31587000000	-31940000000	-36037000000	-54509000000	-45605000000	-49442000000	-49763000000	-55971000000															
	    Other Underwriting Expenses		-7693000000	-7248000000	-6998000000	-7517000000	-7713000000	-9321000000	-9793000000	-11200000000	-12798000000	-12569000000															
	    Selling, General and Administrative Expenses		-11870000000	-13282000000	-13721000000	-15309000000	-19308000000	-20644000000	-21917000000	-23229000000	-23329000000	-23044000000															
	        Rent Expense						-1335000000	-1455000000	-4061000000	-4003000000	-3520000000	-4201000000															
	        Selling and Marketing Expenses		-11870000000	-13282000000	-13721000000	-15309000000	-17973000000	-19189000000	-17856000000	-19226000000	-19809000000	-18843000000															
	    Other Income/Expenses		-92693000000	-1.03676E+11	-1.11009E+11	-1.17594E+11	-1.24061E+11	-1.32377E+11	-1.37664E+11	-1.37775E+11	-1.30645E+11	-1.48189E+11															
	    Total Net Finance Income/Expense		-2744000000	-2801000000	-3253000000	-3515000000	-3741000000	-4386000000	-3853000000	-3961000000	-4083000000	-4172000000															
	        Net Interest Income/Expense		-2744000000	-2801000000	-3253000000	-3515000000	-3741000000	-4386000000	-3853000000	-3961000000	-4083000000	-4172000000															
	            Interest Expense Net of Capitalized Interest		-2744000000	-2801000000	-3253000000	-3515000000	-3741000000	-4386000000	-3853000000	-3961000000	-4083000000	-4172000000															
	    Income from Associates, Joint Ventures and Other Participating Interests				-26000000	-122000000	1109000000	3014000000	-2167000000	1176000000	726000000	995000000															
	    Irregular Income/Expenses								-382000000	-96000000	-10671000000	0															
	        Impairment/Write Off/Write Down of Capital Assets								-382000000	-96000000	-10671000000	0															
	Pretax Income		22236000000	28796000000	28105000000	34946000000	33667000000	23838000000	4001000000	1.02696E+11	55693000000	1.11686E+11															
	Provision for Income Tax		-6924000000	-8951000000	-7935000000	-10532000000	-9240000000	21515000000	321000000	-20904000000	-12440000000	-20879000000															
	Net Income from Continuing Operations		15312000000	19845000000	20170000000	24414000000	24427000000	45353000000	4322000000	81792000000	43253000000	90807000000															
	Net Income after Extraordinary Items and Discontinued Operations		15312000000	19845000000	20170000000	24414000000	24427000000	45353000000	4322000000	81792000000	43253000000	90807000000															
	Non-Controlling/Minority Interests		-488000000	-369000000	-298000000	-331000000	-353000000	-413000000	-301000000	-375000000	-732000000	-1012000000															
	Net Income after Non-Controlling/Minority Interests		14824000000	19476000000	19872000000	24083000000	24074000000	44940000000	4021000000	81417000000	42521000000	89795000000															
	Net Income Available to Common Stockholders		14824000000	19476000000	19872000000	24083000000	24074000000	44940000000	4021000000	81417000000	42521000000	89795000000															
	Diluted Net Income Available to Common Stockholders		14824000000	19476000000	19872000000	24083000000	24074000000	44940000000	4021000000	81417000000	42521000000	89795000000															
	Income Statement Supplemental Section																										
	    Reported Normalized and Operating Income/Expense Supplemental Section																										
	        Total Revenue as Reported, Supplemental		1.62463E+11	1.8215E+11	1.94699E+11	2.10943E+11	2.15114E+11	2.39933E+11	2.47837E+11	2.54616E+11	2.4551E+11	2.76094E+11															
	hiReported Effective Tax Rate					0.16	0.14	0.07	-0.08	0.2	0.22	0.19															
	Basic EPS		8977	11850	12092	14656	14645	27326	2446	49828	26668	59460															
	Basic EPS from Continuing Operations		8977	11850	12092	14656	14645	27326	2446	49828	26668	59460															
	Diluted EPS		8975.82	11849.51	12086.01	14656	14645	27325.54	2444.36	49649.93	26200.81	58563.84															
	Diluted EPS from Continuing Operations		8975.82	11850	12086	14656	14645	27326	2444	49650	26201	58564															
	Basic Weighted Average Shares Outstanding		1651294	1643613	1643456	1643183	1643826	1644615	1643795	1633946	1594469	1510180															
	Diluted Weighted Average Shares Outstanding		1651549	1643613	1644215	1643183	1643826	1644615	1645008	1639821	1622889	1533284															
	Basic EPS		5.98	7.9	8.06	9.77	9.76	18.22	1.63	33.22	17.78	39.64															
	Diluted EPS		5.98	8	8	10	10	18	2	33	18	40															
	Basic WASO		2476939762	2465418267	2465182767	2464773268	2465737767	2466921267	2465691267	2450917775	2391702304	2265268867															
	Diluted WASO		2476939762	2465418267	2465182767	2464773268	2465737767	2466921267	2465691267	2450917775	2391702304	2265268867															

	The Definitive Proxy Statement and any other relevant materials that will be filed with the SEC will be available free of charge at the SEC’s website at www.sec.gov. In addition, the Definitive Proxy Statement (when available) and other relevant documents will also be available, without charge, by directing a request by mail to Attn: Investor Relations, Alphabet Inc., 1600 Amphitheatre Parkway, Mountain View, California, 94043 or by contacting investor-relations@abc.xyz. The Definitive Proxy Statement and other relevant documents will also be available on the Company’s Investor Relations website at https://abc.xyz/investor/other/annual-meeting/.																										
	Participants in the Solicitation																										
	The Company and its directors and certain of its executive officers may be considered participants in the solicitation of proxies with respect to the proposals under the Definitive Proxy Statement under the rules of the SEC. Additional information regarding the participants in the proxy solicitations and a description of their direct and indirect interests, by security holdings or otherwise, also will be included in the Definitive Proxy Statement and other relevant materials to be filed with the SEC when they become available.																										

	31622,6:39 PM																										
	Morningstar.com Intraday Fundamental Portfolio View Print Report																										

	3/6/2022 at 6:37 PM																										


	GOOGL_income-statement_Quarterly_As_Originally_Reported		Q4 2021	Q3 2021	Q2 2021	Q1 2021	Q4 2020																				

	Cash Flow from Operating Activities, Indirect		24934000000	25539000000	37497000000	31211000000	30818000000																				
	Net Cash Flow from Continuing Operating Activities, Indirect		24934000000	25539000000	21890000000	19289000000	22677000000																				
	Cash Generated from Operating Activities		24934000000	25539000000	21890000000	19289000000	22677000000																				
	Income/Loss before Non-Cash Adjustment		20642000000	18936000000	18525000000	17930000000	15227000000																				
	Total Adjustments for Non-Cash Items		6517000000	3797000000	4236000000	2592000000	5748000000																				
	Depreciation, Amortization and Depletion, Non-Cash Adjustment		3439000000	3304000000	2945000000	2753000000	3725000000																				
	Depreciation and Amortization, Non-Cash Adjustment		3439000000	3304000000	2945000000	2753000000	3725000000																				
	Depreciation, Non-Cash Adjustment		3215000000	3085000000	2730000000	2525000000	3539000000																				
	Amortization, Non-Cash Adjustment		224000000	219000000	215000000	228000000	186000000																				
	Stock-Based Compensation, Non-Cash Adjustment		3954000000	3874000000	3803000000	3745000000	3223000000																				
	Taxes, Non-Cash Adjustment		1616000000	-1287000000	379000000	1100000000	1670000000																				
	Investment Income/Loss, Non-Cash Adjustment		-2478000000	-2158000000	-2883000000	-4751000000	-3262000000																				
	Gain/Loss on Financial Instruments, Non-Cash Adjustment		-2478000000	-2158000000	-2883000000	-4751000000	-3262000000																				
	Other Non-Cash Items		-14000000	64000000	-8000000	-255000000	392000000																				
	Changes in Operating Capital		-2225000000	2806000000	-871000000	-1233000000	1702000000																				
	Change in Trade and Other Receivables		-5819000000	-2409000000	-3661000000	2794000000	-5445000000																		
